%YAML 1.1
%TAG !u! tag:unity3d.com,2011:
--- !u!1 &4783556665705158605
GameObject:
  m_ObjectHideFlags: 0
  m_CorrespondingSourceObject: {fileID: 0}
  m_PrefabInstance: {fileID: 0}
  m_PrefabAsset: {fileID: 0}
  serializedVersion: 6
  m_Component:
  - component: {fileID: 7581734248209336703}
  m_Layer: 0
  m_Name: PlayerCameraRoot
  m_TagString: CinemachineTarget
  m_Icon: {fileID: 0}
  m_NavMeshLayer: 0
  m_StaticEditorFlags: 0
  m_IsActive: 1
--- !u!4 &7581734248209336703
Transform:
  m_ObjectHideFlags: 0
  m_CorrespondingSourceObject: {fileID: 0}
  m_PrefabInstance: {fileID: 0}
  m_PrefabAsset: {fileID: 0}
  m_GameObject: {fileID: 4783556665705158605}
  serializedVersion: 2
  m_LocalRotation: {x: -0, y: -0, z: -0, w: 1}
  m_LocalPosition: {x: 0, y: 1.375, z: 0}
  m_LocalScale: {x: 1, y: 1, z: 1}
  m_ConstrainProportionsScale: 0
  m_Children:
  - {fileID: 2687265995137150685}
  m_Father: {fileID: 6186910335877814521}
  m_LocalEulerAnglesHint: {x: 0, y: 0, z: 0}
--- !u!1 &5981312057732605618
GameObject:
  m_ObjectHideFlags: 0
  m_CorrespondingSourceObject: {fileID: 0}
  m_PrefabInstance: {fileID: 0}
  m_PrefabAsset: {fileID: 0}
  serializedVersion: 6
  m_Component:
  - component: {fileID: 2293443120400037225}
  - component: {fileID: 3765316235611073318}
  - component: {fileID: 3664423981933897661}
  - component: {fileID: 7625458808407201445}
  m_Layer: 8
  m_Name: Capsule
  m_TagString: Untagged
  m_Icon: {fileID: 0}
  m_NavMeshLayer: 0
  m_StaticEditorFlags: 0
  m_IsActive: 1
--- !u!4 &2293443120400037225
Transform:
  m_ObjectHideFlags: 0
  m_CorrespondingSourceObject: {fileID: 0}
  m_PrefabInstance: {fileID: 0}
  m_PrefabAsset: {fileID: 0}
  m_GameObject: {fileID: 5981312057732605618}
  serializedVersion: 2
  m_LocalRotation: {x: 0, y: 0, z: 0, w: 1}
  m_LocalPosition: {x: 0, y: 0.9, z: 0}
  m_LocalScale: {x: 1, y: 1, z: 1}
  m_ConstrainProportionsScale: 0
  m_Children: []
  m_Father: {fileID: 6186910335877814521}
  m_LocalEulerAnglesHint: {x: 0, y: 0, z: 0}
--- !u!33 &3765316235611073318
MeshFilter:
  m_ObjectHideFlags: 0
  m_CorrespondingSourceObject: {fileID: 0}
  m_PrefabInstance: {fileID: 0}
  m_PrefabAsset: {fileID: 0}
  m_GameObject: {fileID: 5981312057732605618}
  m_Mesh: {fileID: 10208, guid: 0000000000000000e000000000000000, type: 0}
--- !u!23 &3664423981933897661
MeshRenderer:
  m_ObjectHideFlags: 0
  m_CorrespondingSourceObject: {fileID: 0}
  m_PrefabInstance: {fileID: 0}
  m_PrefabAsset: {fileID: 0}
  m_GameObject: {fileID: 5981312057732605618}
  m_Enabled: 1
  m_CastShadows: 1
  m_ReceiveShadows: 1
  m_DynamicOccludee: 1
  m_StaticShadowCaster: 0
  m_MotionVectors: 1
  m_LightProbeUsage: 1
  m_ReflectionProbeUsage: 1
  m_RayTracingMode: 2
  m_RayTraceProcedural: 0
  m_RenderingLayerMask: 1
  m_RendererPriority: 0
  m_Materials:
  - {fileID: 2100000, guid: 8dbc3fafdc4721245850eacc43e86984, type: 2}
  m_StaticBatchInfo:
    firstSubMesh: 0
    subMeshCount: 0
  m_StaticBatchRoot: {fileID: 0}
  m_ProbeAnchor: {fileID: 0}
  m_LightProbeVolumeOverride: {fileID: 0}
  m_ScaleInLightmap: 1
  m_ReceiveGI: 1
  m_PreserveUVs: 0
  m_IgnoreNormalsForChartDetection: 0
  m_ImportantGI: 0
  m_StitchLightmapSeams: 1
  m_SelectedEditorRenderState: 3
  m_MinimumChartSize: 4
  m_AutoUVMaxDistance: 0.5
  m_AutoUVMaxAngle: 89
  m_LightmapParameters: {fileID: 0}
  m_SortingLayerID: 0
  m_SortingLayer: 0
  m_SortingOrder: 0
  m_AdditionalVertexStreams: {fileID: 0}
--- !u!136 &7625458808407201445
CapsuleCollider:
  m_ObjectHideFlags: 0
  m_CorrespondingSourceObject: {fileID: 0}
  m_PrefabInstance: {fileID: 0}
  m_PrefabAsset: {fileID: 0}
  m_GameObject: {fileID: 5981312057732605618}
  m_Material: {fileID: 0}
  m_IncludeLayers:
    serializedVersion: 2
    m_Bits: 0
  m_ExcludeLayers:
    serializedVersion: 2
    m_Bits: 0
  m_LayerOverridePriority: 0
  m_IsTrigger: 0
  m_ProvidesContacts: 0
  m_Enabled: 1
  serializedVersion: 2
  m_Radius: 0.5
  m_Height: 2
  m_Direction: 1
  m_Center: {x: 0, y: 0, z: 0}
--- !u!1 &7095875116173975470
GameObject:
  m_ObjectHideFlags: 0
  m_CorrespondingSourceObject: {fileID: 0}
  m_PrefabInstance: {fileID: 0}
  m_PrefabAsset: {fileID: 0}
  serializedVersion: 6
  m_Component:
  - component: {fileID: 2687265995137150685}
  m_Layer: 8
  m_Name: Wwapons
  m_TagString: Untagged
  m_Icon: {fileID: 0}
  m_NavMeshLayer: 0
  m_StaticEditorFlags: 0
  m_IsActive: 1
--- !u!4 &2687265995137150685
Transform:
  m_ObjectHideFlags: 0
  m_CorrespondingSourceObject: {fileID: 0}
  m_PrefabInstance: {fileID: 0}
  m_PrefabAsset: {fileID: 0}
  m_GameObject: {fileID: 7095875116173975470}
  serializedVersion: 2
  m_LocalRotation: {x: -0, y: -0, z: -0, w: 1}
  m_LocalPosition: {x: 0, y: -1.375, z: 0}
  m_LocalScale: {x: 1, y: 1, z: 1}
  m_ConstrainProportionsScale: 0
  m_Children:
  - {fileID: 8828007120804283391}
  m_Father: {fileID: 7581734248209336703}
  m_LocalEulerAnglesHint: {x: 0, y: 0, z: 0}
--- !u!1 &8149807305199970445
GameObject:
  m_ObjectHideFlags: 0
  m_CorrespondingSourceObject: {fileID: 0}
  m_PrefabInstance: {fileID: 0}
  m_PrefabAsset: {fileID: 0}
  serializedVersion: 6
  m_Component:
  - component: {fileID: 6186910335877814521}
  - component: {fileID: 424337138627976144}
  - component: {fileID: 3141084182917152183}
  - component: {fileID: 992757679346766378}
  - component: {fileID: 7528908383804843188}
  - component: {fileID: 4109481034262043186}
  - component: {fileID: 7071400869824175367}
  m_Layer: 8
  m_Name: Player
  m_TagString: Player
  m_Icon: {fileID: 0}
  m_NavMeshLayer: 0
  m_StaticEditorFlags: 0
  m_IsActive: 1
--- !u!4 &6186910335877814521
Transform:
  m_ObjectHideFlags: 0
  m_CorrespondingSourceObject: {fileID: 0}
  m_PrefabInstance: {fileID: 0}
  m_PrefabAsset: {fileID: 0}
  m_GameObject: {fileID: 8149807305199970445}
  serializedVersion: 2
  m_LocalRotation: {x: 0, y: 0.64896345, z: 0, w: 0.76081955}
  m_LocalPosition: {x: 0, y: 0, z: 14.25}
  m_LocalScale: {x: 1, y: 1, z: 1}
  m_ConstrainProportionsScale: 0
  m_Children:
  - {fileID: 7581734248209336703}
  - {fileID: 2293443120400037225}
  m_Father: {fileID: 0}
  m_LocalEulerAnglesHint: {x: 0, y: 80.927, z: 0}
--- !u!143 &424337138627976144
CharacterController:
  m_ObjectHideFlags: 0
  m_CorrespondingSourceObject: {fileID: 0}
  m_PrefabInstance: {fileID: 0}
  m_PrefabAsset: {fileID: 0}
  m_GameObject: {fileID: 8149807305199970445}
  m_Material: {fileID: 0}
  m_IncludeLayers:
    serializedVersion: 2
    m_Bits: 0
  m_ExcludeLayers:
    serializedVersion: 2
    m_Bits: 0
  m_LayerOverridePriority: 0
  m_IsTrigger: 0
  m_ProvidesContacts: 0
  m_Enabled: 1
  serializedVersion: 3
  m_Height: 2
  m_Radius: 0.5
  m_SlopeLimit: 45
  m_StepOffset: 0.25
  m_SkinWidth: 0.02
  m_MinMoveDistance: 0
  m_Center: {x: 0, y: 0.93, z: 0}
--- !u!114 &3141084182917152183
MonoBehaviour:
  m_ObjectHideFlags: 0
  m_CorrespondingSourceObject: {fileID: 0}
  m_PrefabInstance: {fileID: 0}
  m_PrefabAsset: {fileID: 0}
  m_GameObject: {fileID: 8149807305199970445}
  m_Enabled: 1
  m_EditorHideFlags: 0
  m_Script: {fileID: 11500000, guid: 55919ac34a26952479f3fc91f777b2fa, type: 3}
  m_Name: 
  m_EditorClassIdentifier: 
  MoveSpeed: 4
  SprintSpeed: 6
  RotationSpeed: 1
  SpeedChangeRate: 10
  JumpHeight: 1.2
  Gravity: -15
  JumpTimeout: 0.1
  FallTimeout: 0.15
  Grounded: 1
  GroundedOffset: -0.14
  GroundedRadius: 0.5
  GroundLayers:
    serializedVersion: 2
    m_Bits: 1
  CinemachineCameraTarget: {fileID: 4783556665705158605}
  TopClamp: 89
  BottomClamp: -89
--- !u!114 &992757679346766378
MonoBehaviour:
  m_ObjectHideFlags: 0
  m_CorrespondingSourceObject: {fileID: 0}
  m_PrefabInstance: {fileID: 0}
  m_PrefabAsset: {fileID: 0}
  m_GameObject: {fileID: 8149807305199970445}
  m_Enabled: 1
  m_EditorHideFlags: 0
  m_Script: {fileID: 11500000, guid: 909d917d73a63f940ac158d02e936645, type: 3}
  m_Name: 
  m_EditorClassIdentifier: 
  pushLayers:
    serializedVersion: 2
    m_Bits: 0
  canPush: 0
  strength: 1.1
--- !u!114 &7528908383804843188
MonoBehaviour:
  m_ObjectHideFlags: 0
  m_CorrespondingSourceObject: {fileID: 0}
  m_PrefabInstance: {fileID: 0}
  m_PrefabAsset: {fileID: 0}
  m_GameObject: {fileID: 8149807305199970445}
  m_Enabled: 1
  m_EditorHideFlags: 0
  m_Script: {fileID: 11500000, guid: e087ecce43ebbff45a1b360637807d93, type: 3}
  m_Name: 
  m_EditorClassIdentifier: 
  move: {x: 0, y: 0}
  look: {x: 0, y: 0}
  jump: 0
  sprint: 0
  analogMovement: 0
  cursorLocked: 1
  cursorInputForLook: 1
--- !u!114 &4109481034262043186
MonoBehaviour:
  m_ObjectHideFlags: 0
  m_CorrespondingSourceObject: {fileID: 0}
  m_PrefabInstance: {fileID: 0}
  m_PrefabAsset: {fileID: 0}
  m_GameObject: {fileID: 8149807305199970445}
  m_Enabled: 1
  m_EditorHideFlags: 0
  m_Script: {fileID: 11500000, guid: 62899f850307741f2a39c98a8b639597, type: 3}
  m_Name: 
  m_EditorClassIdentifier: 
  m_Actions: {fileID: -944628639613478452, guid: 4419d82f33d36e848b3ed5af4c8da37e, type: 3}
  m_NotificationBehavior: 0
  m_UIInputModule: {fileID: 0}
  m_DeviceLostEvent:
    m_PersistentCalls:
      m_Calls: []
  m_DeviceRegainedEvent:
    m_PersistentCalls:
      m_Calls: []
  m_ControlsChangedEvent:
    m_PersistentCalls:
      m_Calls: []
  m_ActionEvents:
  - m_PersistentCalls:
      m_Calls:
      - m_Target: {fileID: 0}
        m_TargetAssemblyTypeName: 
        m_MethodName: InputMove
        m_Mode: 0
        m_Arguments:
          m_ObjectArgument: {fileID: 0}
          m_ObjectArgumentAssemblyTypeName: UnityEngine.Object, UnityEngine
          m_IntArgument: 0
          m_FloatArgument: 0
          m_StringArgument: 
          m_BoolArgument: 0
        m_CallState: 2
    m_ActionId: 6bc1aaf4-b110-4ff7-891e-5b9fe6f32c4d
    m_ActionName: Player/Move[/Keyboard/w,/Keyboard/s,/Keyboard/a,/Keyboard/d,/Keyboard/upArrow,/Keyboard/downArrow,/Keyboard/leftArrow,/Keyboard/rightArrow,/XInputControllerWindows/leftStick]
  - m_PersistentCalls:
      m_Calls:
      - m_Target: {fileID: 0}
        m_TargetAssemblyTypeName: 
        m_MethodName: InputLook
        m_Mode: 0
        m_Arguments:
          m_ObjectArgument: {fileID: 0}
          m_ObjectArgumentAssemblyTypeName: UnityEngine.Object, UnityEngine
          m_IntArgument: 0
          m_FloatArgument: 0
          m_StringArgument: 
          m_BoolArgument: 0
        m_CallState: 2
    m_ActionId: 2690c379-f54d-45be-a724-414123833eb4
    m_ActionName: Player/Look[/Mouse/delta,/XInputControllerWindows/rightStick]
  - m_PersistentCalls:
      m_Calls:
      - m_Target: {fileID: 0}
        m_TargetAssemblyTypeName: 
        m_MethodName: InputJump
        m_Mode: 0
        m_Arguments:
          m_ObjectArgument: {fileID: 0}
          m_ObjectArgumentAssemblyTypeName: UnityEngine.Object, UnityEngine
          m_IntArgument: 0
          m_FloatArgument: 0
          m_StringArgument: 
          m_BoolArgument: 0
        m_CallState: 2
    m_ActionId: 8c4abdf8-4099-493a-aa1a-129acec7c3df
    m_ActionName: Player/Jump[/Keyboard/space,/XInputControllerWindows/buttonSouth]
  - m_PersistentCalls:
      m_Calls:
      - m_Target: {fileID: 0}
        m_TargetAssemblyTypeName: 
        m_MethodName: InputSprint
        m_Mode: 0
        m_Arguments:
          m_ObjectArgument: {fileID: 0}
          m_ObjectArgumentAssemblyTypeName: UnityEngine.Object, UnityEngine
          m_IntArgument: 0
          m_FloatArgument: 0
          m_StringArgument: 
          m_BoolArgument: 0
        m_CallState: 2
    m_ActionId: 980e881e-182c-404c-8cbf-3d09fdb48fef
    m_ActionName: Player/Sprint[/Keyboard/leftShift,/XInputControllerWindows/leftTrigger]
  - m_PersistentCalls:
      m_Calls: []
    m_ActionId: e4ce1614-c754-48c1-9103-33130441661f
    m_ActionName: UI/New action
  m_NeverAutoSwitchControlSchemes: 0
  m_DefaultControlScheme: 
  m_DefaultActionMap: Player
  m_SplitScreenIndex: -1
  m_Camera: {fileID: 0}
--- !u!114 &7071400869824175367
MonoBehaviour:
  m_ObjectHideFlags: 0
  m_CorrespondingSourceObject: {fileID: 0}
  m_PrefabInstance: {fileID: 0}
  m_PrefabAsset: {fileID: 0}
  m_GameObject: {fileID: 8149807305199970445}
  m_Enabled: 1
  m_EditorHideFlags: 0
  m_Script: {fileID: 11500000, guid: 948efd3bde40f664e8cce337a01603b3, type: 3}
  m_Name: 
  m_EditorClassIdentifier: 
  startHitPoints: 100
  isPlayer: 1
--- !u!1001 &510421583787451823
PrefabInstance:
  m_ObjectHideFlags: 0
  serializedVersion: 2
  m_Modification:
    serializedVersion: 3
    m_TransformParent: {fileID: 8828007120804283391}
    m_Modifications:
    - target: {fileID: 400417449289789352, guid: d85640c3d41685e4697114db0f55fb1f, type: 3}
      propertyPath: m_Name
      value: MuzzleFlash
      objectReference: {fileID: 0}
    - target: {fileID: 995447308945237074, guid: d85640c3d41685e4697114db0f55fb1f, type: 3}
      propertyPath: m_LocalScale.x
      value: 1
      objectReference: {fileID: 0}
    - target: {fileID: 995447308945237074, guid: d85640c3d41685e4697114db0f55fb1f, type: 3}
      propertyPath: m_LocalScale.y
      value: 1
      objectReference: {fileID: 0}
    - target: {fileID: 995447308945237074, guid: d85640c3d41685e4697114db0f55fb1f, type: 3}
      propertyPath: m_LocalScale.z
      value: 0.05
      objectReference: {fileID: 0}
    - target: {fileID: 995447308945237074, guid: d85640c3d41685e4697114db0f55fb1f, type: 3}
      propertyPath: m_LocalPosition.x
      value: 0.117
      objectReference: {fileID: 0}
    - target: {fileID: 995447308945237074, guid: d85640c3d41685e4697114db0f55fb1f, type: 3}
      propertyPath: m_LocalPosition.y
      value: 0.0054
      objectReference: {fileID: 0}
    - target: {fileID: 995447308945237074, guid: d85640c3d41685e4697114db0f55fb1f, type: 3}
      propertyPath: m_LocalPosition.z
      value: 0.0575
      objectReference: {fileID: 0}
    - target: {fileID: 995447308945237074, guid: d85640c3d41685e4697114db0f55fb1f, type: 3}
      propertyPath: m_LocalRotation.w
      value: 1
      objectReference: {fileID: 0}
    - target: {fileID: 995447308945237074, guid: d85640c3d41685e4697114db0f55fb1f, type: 3}
      propertyPath: m_LocalRotation.x
      value: 0
      objectReference: {fileID: 0}
    - target: {fileID: 995447308945237074, guid: d85640c3d41685e4697114db0f55fb1f, type: 3}
      propertyPath: m_LocalRotation.y
      value: 0
      objectReference: {fileID: 0}
    - target: {fileID: 995447308945237074, guid: d85640c3d41685e4697114db0f55fb1f, type: 3}
      propertyPath: m_LocalRotation.z
      value: 0
      objectReference: {fileID: 0}
    - target: {fileID: 995447308945237074, guid: d85640c3d41685e4697114db0f55fb1f, type: 3}
      propertyPath: m_LocalEulerAnglesHint.x
      value: 0
      objectReference: {fileID: 0}
    - target: {fileID: 995447308945237074, guid: d85640c3d41685e4697114db0f55fb1f, type: 3}
      propertyPath: m_LocalEulerAnglesHint.y
      value: 0
      objectReference: {fileID: 0}
    - target: {fileID: 995447308945237074, guid: d85640c3d41685e4697114db0f55fb1f, type: 3}
      propertyPath: m_LocalEulerAnglesHint.z
      value: 0
      objectReference: {fileID: 0}
    - target: {fileID: 6611075785471070934, guid: d85640c3d41685e4697114db0f55fb1f, type: 3}
      propertyPath: lengthInSec
      value: 0.05
      objectReference: {fileID: 0}
    - target: {fileID: 6611075785471070934, guid: d85640c3d41685e4697114db0f55fb1f, type: 3}
      propertyPath: InitialModule.startLifetime.minScalar
      value: 0.02
      objectReference: {fileID: 0}
    m_RemovedComponents: []
    m_RemovedGameObjects: []
    m_AddedGameObjects: []
    m_AddedComponents: []
  m_SourcePrefab: {fileID: 100100000, guid: d85640c3d41685e4697114db0f55fb1f, type: 3}
--- !u!4 &776285670344442365 stripped
Transform:
  m_CorrespondingSourceObject: {fileID: 995447308945237074, guid: d85640c3d41685e4697114db0f55fb1f, type: 3}
  m_PrefabInstance: {fileID: 510421583787451823}
  m_PrefabAsset: {fileID: 0}
--- !u!198 &6677188840419456889 stripped
ParticleSystem:
  m_CorrespondingSourceObject: {fileID: 6611075785471070934, guid: d85640c3d41685e4697114db0f55fb1f, type: 3}
  m_PrefabInstance: {fileID: 510421583787451823}
  m_PrefabAsset: {fileID: 0}
--- !u!1001 &8828007120804682111
PrefabInstance:
  m_ObjectHideFlags: 0
  serializedVersion: 2
  m_Modification:
    serializedVersion: 3
    m_TransformParent: {fileID: 2687265995137150685}
    m_Modifications:
    - target: {fileID: 100000, guid: c52425aa7c1a7b849a483f7cc99974de, type: 3}
      propertyPath: m_Name
      value: machinegun
      objectReference: {fileID: 0}
    - target: {fileID: 400000, guid: c52425aa7c1a7b849a483f7cc99974de, type: 3}
      propertyPath: m_LocalScale.y
      value: 12.494175
      objectReference: {fileID: 0}
    - target: {fileID: 400000, guid: c52425aa7c1a7b849a483f7cc99974de, type: 3}
      propertyPath: m_LocalScale.z
      value: 18.050209
      objectReference: {fileID: 0}
    - target: {fileID: 400000, guid: c52425aa7c1a7b849a483f7cc99974de, type: 3}
      propertyPath: m_LocalPosition.x
      value: 0.22
      objectReference: {fileID: 0}
    - target: {fileID: 400000, guid: c52425aa7c1a7b849a483f7cc99974de, type: 3}
      propertyPath: m_LocalPosition.y
      value: 1.1
      objectReference: {fileID: 0}
    - target: {fileID: 400000, guid: c52425aa7c1a7b849a483f7cc99974de, type: 3}
      propertyPath: m_LocalPosition.z
      value: 0.37000224
      objectReference: {fileID: 0}
    - target: {fileID: 400000, guid: c52425aa7c1a7b849a483f7cc99974de, type: 3}
      propertyPath: m_LocalRotation.w
      value: 0.9946276
      objectReference: {fileID: 0}
    - target: {fileID: 400000, guid: c52425aa7c1a7b849a483f7cc99974de, type: 3}
      propertyPath: m_LocalRotation.x
      value: -0
      objectReference: {fileID: 0}
    - target: {fileID: 400000, guid: c52425aa7c1a7b849a483f7cc99974de, type: 3}
      propertyPath: m_LocalRotation.y
      value: -0.10351849
      objectReference: {fileID: 0}
    - target: {fileID: 400000, guid: c52425aa7c1a7b849a483f7cc99974de, type: 3}
      propertyPath: m_LocalRotation.z
      value: -0
      objectReference: {fileID: 0}
    - target: {fileID: 400000, guid: c52425aa7c1a7b849a483f7cc99974de, type: 3}
      propertyPath: m_LocalEulerAnglesHint.x
      value: 0
      objectReference: {fileID: 0}
    - target: {fileID: 400000, guid: c52425aa7c1a7b849a483f7cc99974de, type: 3}
      propertyPath: m_LocalEulerAnglesHint.y
      value: -11.884
      objectReference: {fileID: 0}
    - target: {fileID: 400000, guid: c52425aa7c1a7b849a483f7cc99974de, type: 3}
      propertyPath: m_LocalEulerAnglesHint.z
      value: 0
      objectReference: {fileID: 0}
    - target: {fileID: 400002, guid: c52425aa7c1a7b849a483f7cc99974de, type: 3}
      propertyPath: m_LocalScale.x
      value: 9.975
      objectReference: {fileID: 0}
    m_RemovedComponents: []
    m_RemovedGameObjects: []
    m_AddedGameObjects:
    - targetCorrespondingSourceObject: {fileID: 400000, guid: c52425aa7c1a7b849a483f7cc99974de, type: 3}
      insertIndex: -1
      addedObject: {fileID: 776285670344442365}
    m_AddedComponents:
    - targetCorrespondingSourceObject: {fileID: 100000, guid: c52425aa7c1a7b849a483f7cc99974de, type: 3}
      insertIndex: -1
      addedObject: {fileID: 8859450143864202655}
  m_SourcePrefab: {fileID: 100100000, guid: c52425aa7c1a7b849a483f7cc99974de, type: 3}
--- !u!4 &8828007120804283391 stripped
Transform:
  m_CorrespondingSourceObject: {fileID: 400000, guid: c52425aa7c1a7b849a483f7cc99974de, type: 3}
  m_PrefabInstance: {fileID: 8828007120804682111}
  m_PrefabAsset: {fileID: 0}
--- !u!1 &8828007120804716511 stripped
GameObject:
  m_CorrespondingSourceObject: {fileID: 100000, guid: c52425aa7c1a7b849a483f7cc99974de, type: 3}
  m_PrefabInstance: {fileID: 8828007120804682111}
  m_PrefabAsset: {fileID: 0}
--- !u!114 &8859450143864202655
MonoBehaviour:
  m_ObjectHideFlags: 0
  m_CorrespondingSourceObject: {fileID: 0}
  m_PrefabInstance: {fileID: 0}
  m_PrefabAsset: {fileID: 0}
  m_GameObject: {fileID: 8828007120804716511}
  m_Enabled: 1
  m_EditorHideFlags: 0
  m_Script: {fileID: 11500000, guid: 32b5052af05919c46afe9b042dad76ed, type: 3}
  m_Name: 
  m_EditorClassIdentifier: 
  cameraTransfrom: {fileID: 7581734248209336703}
  damage: 10
  range: 100
  muzzleFlash: {fileID: 6677188840419456889}
  spaksPrefab: {fileID: 5452576934289317027, guid: 530bad7450a32e74f8936434d9ad2112, type: 3}
  sparksLifetime: 0.1
